@article{duration,
Author = {Jesus Torrado and Christian T. Byrnes and Robert J. Hardwick and Vincent Vennin and David Wands},
Title = {Measuring the duration of inflation with the curvaton},
Year = {2017},
Eprint = {arXiv:1712.05364},
Howpublished = {Phys. Rev. D 98, 063525 (2018)},
Doi = {10.1103/PhysRevD.98.063525},
}
@article{trispec,
Author = {Frederico Arroja and Kazuya Koyama},
Title = {Non-gaussianity from the trispectrum in general single field inflation},
Year = {2008},
Eprint = {arXiv:0802.1167},
Howpublished = {Phys.Rev.D77:083517,2008},
Doi = {10.1103/PhysRevD.77.083517},
}
@article{modul,
Author = {Naoya Kobayashi and Takeshi Kobayashi and Adrienne L. Erickcek},
Title = {Rolling in the Modulated Reheating Scenario},
Year = {2013},
Eprint = {arXiv:1308.4154},
Howpublished = {JCAP01(2014)036},
Doi = {10.1088/1475-7516/2014/01/036},
}
@article{curvaton,
Author = {Kazuhide Ichikawa and Teruaki Suyama and Tomo Takahashi and Masahide Yamaguchi},
Title = {Non-Gaussianity, Spectral Index and Tensor Modes in Mixed Inflaton and Curvaton Models},
Year = {2008},
Eprint = {arXiv:0802.4138},
Howpublished = {Phys.Rev.D78:023513,2008},
Doi = {10.1103/PhysRevD.78.023513},
}
@article{waterfall,
Author = {Konstantinos Dimopoulos and David H. Lyth and Arron Rumsey},
Title = {Thermal Inflation with a Thermal Waterfall Scalar Field Coupled to a Light Spectator Scalar Field},
Year = {2017},
Eprint = {arXiv:1702.08855},
Howpublished = {Phys. Rev. D 95, 103503 (2017)},
Doi = {10.1103/PhysRevD.95.103503},
}